% This file was created with JabRef 2.10.
% Encoding: UTF8


@Article{baker_1,
  Title                    = {GROUND VEHICLES IN HIGH CROSS WINDS PART I: STEADY AERODYNAMIC FORCES},
  Author                   = {Baker, C.J.},
  Journal                  = {Journal of Fluids and Structures},
  Year                     = {1991},
  Number                   = {1},
  Pages                    = {69-90},
  Volume                   = {5}
}

@Article{baker_2,
  Title                    = {GROUND VEHICLES IN HIGH CROSS WINDS PART II: UNSTEADY AERODYNAMIC FORCES},
  Author                   = {Baker, C.J.},
  Journal                  = {Journal of Fluids and Structures},
  Year                     = {1991},
  Number                   = {1},
  Pages                    = {91-111},
  Volume                   = {5}
}

@InProceedings{bird_et_all,
  Title                    = {Effects of surface morphologies on flow behavior in karst conduits},
  Author                   = {Bird, A.J. and Springer, G.S. and Bosch, R.F. and Curl, R.L.},
  Booktitle                = {15th International Congress of Speleology: Kerrville, Texas, National Speleological Society},
  Year                     = {2009},

  Address                  = {Kerrville, Texas},
  Organization             = {National Speleological Society},
  Pages                    = {1417-1421}
}

@Book{cfd_ferziger_peric,
  Title                    = {Computational Methods for Fluid Dynamics},
  Author                   = {Ferziger, J.H. and Peri\v{c}, M.},
  Publisher                = {Springer},
  Year                     = {2002}
}

@Misc{openfoam,
  Title                    = {OpenFOAM - The Open Source CFD Toolbox},

  Author                   = {OpenFOAM},
  HowPublished             = {\textit{www.openfoam.org}}
}

@Book{cfd_patankar,
  Title                    = {Numerical Heat Transfer and Fluid Flow},
  Author                   = {Patankar, S.V.},
  Publisher                = {Hemisphere Publishing Corporation},
  Year                     = {1980}
}

@Book{boundary_layer_theory,
  Title                    = {Boundary Layer Theory},
  Author                   = {Schlichting, H and Gersten, K.},
  Publisher                = {Springer},
  Year                     = {2000}
}

@Article{cfd_online_skin_friction,
  Title                    = {Skin friction coefficient},
  Author                   = {www.cfd-online.com/Wiki},	
  Url                      = {http://www.cfd-online.com/Wiki/Skin_friction_coefficient}
}

